% Encoding: UTF-8
@article{AGENTBASED,
author = {Rao, Yuan and Wang, Ru-chuan},
title = {Agent-Based Load Balancing Routing for LEO Satellite Networks},
year = {2010},
issue_date = {December, 2010},
publisher = {Elsevier North-Holland, Inc.},
address = {USA},
volume = {54},
number = {17},
issn = {1389-1286},
url = {https://doi.org/10.1016/j.comnet.2010.06.019},
doi = {10.1016/j.comnet.2010.06.019},
journal = {Comput. Netw.},
month = dec,
pages = {3187–3195},
numpages = {9},
keywords = {Load balancing, Satellite networks, Routing, Agent}
}

@misc{CISCO,
  title = {Cisco Space Router},
  author = {Cisco},
  note  =  {\url{http://www.cisco.com/web/strategy/docs/gov/Cisco_Space_Router.pdf}},
  note = {Accessed: 2009},
}

@article{DOOR,
  title={Opening the Door to Smart Power Management in Small Satellites},
  author={Shriver, Patrick},
  year={2003}
}

@article{TOWARDS,
  title={Towards energy-efficient routing in satellite networks},
  author={Yang, Yuan and Xu, Mingwei and Wang, Dan and Wang, Yu},
  journal={IEEE Journal on Selected Areas in Communications},
  volume={34},
  number={12},
  pages={3869--3886},
  year={2016},
  publisher={IEEE}
}

@misc{LAUNCH,
  title = {Why Are Launch Costs So High?},
  author = {P. A. Taylor},
  note  =  {\url{http://home.earthlink.net/\%7Epeter.a.taylor/launch.htm}},
  note = {Accessed: 2004},
}

@INPROCEEDINGS{OPSPF,
  author={Pan, Tian and Huang, Tao and Li, Xingchen and Chen, Yujie and Xue, Wenhao and Liu, Yunjie},
  booktitle={ICC 2019 - 2019 IEEE International Conference on Communications (ICC)}, 
  title={OPSPF: Orbit Prediction Shortest Path First Routing for Resilient LEO Satellite Networks}, 
  year={2019},
  volume={},
  number={},
  pages={1-6},
  doi={10.1109/ICC.2019.8761611}}

@article{ELLIPSE,
  title={Eclipse intervals for satellites in circular orbit under the effects of Earth’s oblateness and solar radiation pressure},
  author={Ismail, MN and Bakry, A and Selim, HH and Shehata, MH},
  journal={NRIAG Journal of Astronomy and Geophysics},
  volume={4},
  number={1},
  pages={117--122},
  year={2015},
  publisher={Taylor \& Francis}
}

@misc{TELESAT,
  title = {Real-Time Latency: Rethinking Remote Networks},
  author = {TELESAT},
  note  =  {\url{https://www.telesat.com/wp-content/uploads/2020/07/Real-Time-Latency_HW.pdf}},
  note = {Accessed: 5-3-2019},
}

@misc{INCOME,
 title={The optimal income method for routing of LEO satellite network based on cooperative game},
 author={Song Jie, Wei Hao Cheng,  Shuai, Li},
 year={CN107733518A, Sep. 2017}
 }

@inproceedings{BATTERYTYPE,
  title={Design and management of satellite power systems},
  author={Lee, Jinkyu and Kim, Eugene and Shin, Kang G},
  booktitle={2013 IEEE 34th Real-Time Systems Symposium},
  pages={97--106},
  year={2013},
  organization={IEEE}
}

@article{CROSSLAYER,
  title={Control of wireless networks with rechargeable batteries [transactions papers]},
  author={Gatzianas, Marios and Georgiadis, Leonidas and Tassiulas, Leandros},
  journal={IEEE Transactions on Wireless Communications},
  volume={9},
  number={2},
  pages={581--593},
  year={2010},
  publisher={IEEE}
}

@article{ADMISSIONCONTROL,
  title={'Optimal energy allocation and admission control for communications satellites},
  author={Fu, Alvin C and Modiano, Eytan and Tsitsiklis, John N},
  journal={IEEE/ACM Transactions on Networking},
  volume={11},
  number={3},
  pages={488--500},
  year={2003},
  publisher={IEEE}
}

@misc{LCD1,
 title={Based on the low complex degree Load Balance Routing Algorithms of LEO satellite network},
 author={Liu Xin Meng ,  He Shan Bao,  Wu Yang Pu, Li Zhen Dong, Jiang Zhu Qing, Liu Chong Hua, Gu Ya Nan},
 year={CN105227483A, Aug. 2015}
 }

@misc{LCD2,
 title={A kind of LEO satellite network link switching management method based on link remaining time},
 author={Qu Hua  ,  Zhao Ji, Hong Yue, Peng Cheng, Liu Xi, Wang Meng, Wang Kun},
 year={CN106230719A, Jul. 2016}
 }


@misc{LCD3,
 title={Distributed node adaptive routing algorithm towards LEO satellite network},
 author={Wei Song Jie, Cheng Hao, Shi Zhao Wei,  Zhao Ru Dong},
 year={CN106656302B, Sep. 2016}
 }

@misc{CHARACTERISTICS,
 title={A kind of LEO satellite network link switching management method based on link remaining time},
 author={Qu Hua, Zhao Ji, Hong Yue, Peng Cheng, Liu Xi, Wang Meng, Wang Kun},
 year={CN106230719A, Jul. 2016}
 }

@misc{LOWTRACK,
 title={Low-track satellite network routing policy based on membership function},
 author={Sun Li Juan, Bai Qian, Zhou Jian, Wang Juan, Han Chong, Xiao Fu},
 year={CN110336751A, Jul. 2019}
 }

@misc{PRIORITY,
 title={Method and system for determination of routes in leo satellite networks with bandwidth and priority awareness and adaptive rerouting},
 author=Narayanan Natarajan, Anindo Bagchi, William E. Stephens},
 year={US20120263042A1, Oct. 2010}
 }

@inproceedings{LOCATIONAWARE,
  title={Location-aware load balancing routing protocol for LEO satellite networks},
  author={Hussein, Mohammed and Abu-Issa, Abdellatif and Elayyan, Israa},
  booktitle={2018 International Conference on Advanced Communication Technologies and Networking (CommNet)},
  pages={1--7},
  year={2018},
  organization={IEEE}
}

@inproceedings{QOS,
  title={Satellite QoS Routing Algorithm Based on Energy Aware and Load Balancing},
  author={Hao, Linchun and Ren, Pinyi and Du, Qinghe},
  booktitle={2020 International Conference on Wireless Communications and Signal Processing (WCSP)},
  pages={685--690},
  year={2020},
  organization={IEEE}
}

@article{TLE,
  title={Orbit determination from two line element sets of ISS-deployed CubeSats},
  author={Riesing, Kathleen},
  year={2015}
}

@inproceedings{ISL1,
  title={Link stability based comprehensive weighted strategy for inter-satellite link assignment},
  author={Juan, Wang and Jian, Zhou and Lijuan, Sun and Chong, Han and Fu, Xiao},
  booktitle={2015 Seventh International Symposium on Parallel Architectures, Algorithms and Programming (PAAP)},
  pages={149--154},
  year={2015},
  organization={IEEE}
}

@inproceedings{ISL2,
  title={Inter-satellite link design for the leo/meo two-layered satellite network},
  author={Yuan, Zhe and Liu, Zhongkan and Zhang, Jun},
  booktitle={Proceedings. 2005 International Conference on Wireless Communications, Networking and Mobile Computing, 2005.},
  volume={2},
  pages={1072--1075},
  year={2005},
  organization={IEEE}
}

@article{4ISL,
  title={Orbit determination of the Next-Generation Beidou satellites with Intersatellite link measurements and a priori orbit constraints},
  author={Ren, Xia and Yang, Yuanxi and Zhu, Jun and Xu, Tianhe},
  journal={Advances in Space Research},
  volume={60},
  number={10},
  pages={2155--2165},
  year={2017},
  publisher={Elsevier}
}

@inproceedings{CONGA,
  title={CONGA: Distributed congestion-aware load balancing for datacenters},
  author={Alizadeh, Mohammad and Edsall, Tom and Dharmapurikar, Sarang and Vaidyanathan, Ramanan and Chu, Kevin and Fingerhut, Andy and Lam, Vinh The and Matus, Francis and Pan, Rong and Yadav, Navindra and others},
  booktitle={Proceedings of the 2014 ACM conference on SIGCOMM},
  pages={503--514},
  year={2014}
}

@inproceedings{TRAFFICDENSITY,
  title={Load balancing and QoS supporting access and handover decision algorithm for GEO/LEO heterogeneous satellite networks},
  author={Song, Hangyu and Liu, Shuaijun and Hu, Xin and Li, Xiuhua and Wang, Weidong},
  booktitle={2018 IEEE 4th International Conference on Computer and Communications (ICCC)},
  pages={640--645},
  year={2018},
  organization={IEEE}
}
@INPROCEEDINGS{COUNTERROTATING,
  author={Yeo, B.S. and Turner, L.F.},
  booktitle={2004 IEEE Wireless Communications and Networking Conference (IEEE Cat. No.04TH8733)}, 
  title={An approach to the modeling of counter-rotating seam communication links for LEO satellite systems}, 
  year={2004},
  volume={4},
  number={},
  pages={2016-2020 Vol.4},
  doi={10.1109/WCNC.2004.1311395}}

@Comment{jabref-meta: databaseType:bibtex;}